@inproceedings{ssc,
  title={On Survivable Set Connectivity},
  author={Chalermsook, Parinya and Grandoni, Fabrizio and Laekhanukit, Bundit},
  booktitle={Twenty-Sixth Annual ACM-SIAM Symposium on Discrete Algorithms},
  year={2014}
}
@inproceedings{racke,
  title={Optimal hierarchical decompositions for congestion minimization in networks},
  author={R{\"a}cke, Harald},
  booktitle={Proceedings of the fortieth annual ACM symposium on Theory of computing},
  pages={255--264},
  year={2008},
  organization={ACM}
}
@article{GKR,
title = "A Polylogarithmic Approximation Algorithm for the Group Steiner Tree Problem ",
journal = "Journal of Algorithms ",
volume = "37",
number = "1",
pages = "66 - 84",
year = "2000",
note = "",
issn = "0196-6774",
doi = "http://dx.doi.org/10.1006/jagm.2000.1096",
url = "http://www.sciencedirect.com/science/article/pii/S0196677400910964",
author = "Naveen Garg and Goran Konjevod and R. Ravi",
keywords = "Steiner tree",
keywords = "approximation algorithms",
keywords = "set cover",
keywords = "randomized rounding",
keywords = "network design",
keywords = "tree decompositions "
}

